@MISC{NEWZOO,
    title = {NEWZOO},
    year = {2017},
    url = {https://newzoo.com/insights/articles/the-global-games-market-will-reach-108-9-billion-in-2017-with-mobile-taking-42/},
    subtitle = {Global Games Market Report},
}

@MISC{NASDAQ,
    title = {NASDAQ},
    year = {2016},
    url = {http://www.nasdaq.com/g00/article/investing-in-video-games-this-industry-pulls-in-more-revenue-than-movies-music-cm634585/},
subtitle = {Investing in Video Games Industry},
}

@MISC{BOI,
    title = {JOGO},
    year = {2011},
    url = {https://en.wikipedia.org/wiki/The_Binding_of_Isaac_(video_game)},
    subtitle = {The Binding of Isaac},
}

@MISC{SUPERHOT,
    title = {JOGO},
    year = {2016},
    url = {https://en.wikipedia.org/wiki/Superhot},
    subtitle = {Superhot},
}

@MISC{CLICKERHEROES,
    title = {JOGO},
    year = {2015},
    url = {https://en.wikipedia.org/wiki/Superhot},
    subtitle = {Clicker Heroes},
}

@BOOK{CREATINGGAMES,
    title = {Creating games: mechanics, content, and technology},
    publisher = {AK Peters, Ltd},
    year = {2009},
    author = {Morgan McGuire and Odest Chadwicke Jenkins},
    address = {Wellesley, Mass},
    pages = {33--34},
    edition = {3rd},
    xisbn = {978-1-4398-6592-7},
}

@MISC{FLASH,
    title = {FLASH},
    year = {2015},
    url = {http://kotaku.com/the-death-of-flash-is-coming-and-not-everyones-happy-1717824387},
    subtitle = {The Death of Adobe Flash},
}

@MISC{UNITYWEB,
    title = {UNITY},
    year = {2015},
    url = {https://blogs.unity3d.com/2015/10/08/unity-web-player-roadmap/},
    subtitle = {The Computer Language Benchmarks Game},
}

@MISC{PNACL,
    title = {PNaCl},
    year = {2011},
    url = {https://developer.chrome.com/native-client},
    subtitle = {Google Native Client},
}

@MISC{WASM,
    title = {WASM},
    year = {2015},
    url = {http://webassembly.org/},
    subtitle = {The Computer Language Benchmarks Game},
}

@ARTICLE{EMSCRIPTEN,
    author = {Alon Zakai},
    title = {Emscripten: an LLVM-to-JavaScript compiler},
    journal = {OOPSLA '11 Proceedings of the ACM international conference companion on Object oriented programming systems languages and applications companion},
    year = {2011},
    pages = {301--312},
    month = oct,
    xpublisher = {Wiley \& Sons},
    xaddress = {Portland, Oregon, USA},
    editor = {Geoffrey C. Fox},
}

@BOOK{OPENGL,
    title = {OpenGL ES 2.0 Programming Guide},
    publisher = {Pearson Education},
    year = {2008},
    author = {Aaftab Munshi, Dan Ginsburg, Dave Shreiner},
    xisbn = {978-0321502797},
}

@MISC{EMSCRIPTEN_OPENGL,
    title = {EMSCRIPTEN},
    year = {2015},
    url = {https://kripken.github.io/emscripten-site/docs/porting/multimedia_and_graphics/OpenGL-support.html},
    subtitle = {OpenGL support in Emscripten},
}

@MISC{IMGUI,
    title = {IMGUI},
    year = {2014},
    url = {https://github.com/ocornut/imgui},
    subtitle = {Bloat-free Immediate Mode Graphical User interface for C++ with minimal dependencies},
}

@MISC{SDL2,
    title = {SDL2},
    year = {2015},
    url = {https://www.libsdl.org/index.php},
    subtitle = {Simple DirectMedia Layer Homepage},
}

@MISC{BENCHMARK,
    title = {Benchmarks},
    year = {2017},
    url = {http://benchmarksgame.alioth.debian.org/},
    subtitle = {The Computer Language
Benchmarks Game},
}